<?xml version="1.0" encoding="UTF-8"?><collection xmlns="http://www.loc.gov/MARC21/slim"><record><leader>00363nam--2200121-i-4500</leader><controlfield tag="001">000022483</controlfield><controlfield tag="002">20161230</controlfield><controlfield tag="005">20161230201034</controlfield><controlfield tag="008">060222s1000------------r-----000-0-eng-d</controlfield><datafield ind1=" " ind2=" " tag="080"><subfield code="a">537.533.35(048.1)</subfield></datafield><datafield ind1=" " ind2=" " tag="245"><subfield code="a">The international bibligraphy of electron microscopy:</subfield></datafield><datafield ind1=" " ind2=" " tag="260"><subfield code="a">New York, The New York Society Of Electron Microscopy, 1962, Vii + 482p</subfield></datafield><datafield ind1=" " ind2=" " tag="852"><subfield code="a">22120</subfield></datafield></record></collection>